%% This BibTeX bibliography file was created using BibDesk.
%% http://bibdesk.sourceforge.net/

%% Created for User at 2017-09-10 15:14:06 -0700 


%% Saved with string encoding Unicode (UTF-8) 



@inproceedings{kapadia2008halo,
	Author = {Kapadia, Apu and Triandopoulos, Nikos},
	Booktitle = {NDSS},
	Date-Added = {2017-09-10 02:04:18 +0000},
	Date-Modified = {2017-09-10 02:04:18 +0000},
	Pages = {142},
	Title = {Halo: High-Assurance Locate for Distributed Hash Tables.},
	Volume = {8},
	Year = {2008}}

@article{wallezprotection,
	Author = {Wallez, Corentin and Dupont, Pierre-Alain},
	Date-Added = {2017-09-09 13:58:13 +0000},
	Date-Modified = {2017-09-09 13:58:13 +0000},
	Title = {Protection against Sybil attacks using proof of work and randomized identifiers}}

@inproceedings{I2Pattacks,
	Author = {Egger, Christoph and Schlumberger, Johannes and Kruegel, Christopher and Vigna, Giovanni},
	Booktitle = {International Workshop on Recent Advances in Intrusion Detection},
	Date-Added = {2017-09-02 22:33:05 +0000},
	Date-Modified = {2017-09-10 01:59:21 +0000},
	Organization = {Springer},
	Pages = {432--451},
	Title = {Practical attacks against the I2P network},
	Year = {2013}}

@inproceedings{DOSvsSec,
	Author = {Borisov, Nikita and Danezis, George and Mittal, Prateek and Tabriz, Parisa},
	Booktitle = {Proceedings of the 14th ACM conference on Computer and communications security},
	Date-Added = {2017-09-02 22:18:18 +0000},
	Date-Modified = {2017-09-10 01:57:38 +0000},
	Organization = {ACM},
	Pages = {92--102},
	Title = {Denial of service or denial of security?},
	Year = {2007}}

@inproceedings{mixTrafficAnalysis,
	Author = {George Danezis},
	Booktitle = {Proceedings of Privacy Enhancing Technologies workshop (PET 2004)},
	Date-Added = {2017-09-02 21:58:45 +0000},
	Date-Modified = {2017-09-10 02:00:32 +0000},
	Month = {May},
	Pages = {35--50},
	Series = {LNCS},
	Title = {The Traffic Analysis of Continuous-Time Mixes},
	Volume = {3424},
	Www_Important = {1},
	Www_Pdf_Url = {http://www.cl.cam.ac.uk/users/gd216/cmm2.pdf},
	Www_Section = {Traffic analysis},
	Www_Tags = {selected},
	Year = {2004}}

@inproceedings{bitcoinEclipse,
	Author = {Eyal, Ittay and Sirer, Emin G{\"u}n},
	Booktitle = {International conference on financial cryptography and data security},
	Date-Added = {2017-09-02 21:53:30 +0000},
	Date-Modified = {2017-09-10 01:59:36 +0000},
	Organization = {Springer},
	Pages = {436--454},
	Title = {Majority is not enough: Bitcoin mining is vulnerable},
	Year = {2014}}

@inproceedings{broadInferenceAttacks,
	Author = {Chen, Shuo and Wang, Rui and Wang, XiaoFeng and Zhang, Kehuan},
	Booktitle = {Security and Privacy (SP), 2010 IEEE Symposium on},
	Date-Added = {2017-09-02 10:38:06 +0000},
	Date-Modified = {2017-09-10 02:00:17 +0000},
	Organization = {IEEE},
	Pages = {191--206},
	Title = {Side-channel leaks in web applications: A reality today, a challenge tomorrow},
	Year = {2010}}

@inproceedings{freeridingBittorrent,
	Author = {Locher, Thomas and Moor, Patrick and Schmid, Stefan and Wattenhofer, Roger},
	Booktitle = {Proc. Workshop on Hot Topics in Networks (HotNets)},
	Date-Added = {2017-09-02 10:00:02 +0000},
	Date-Modified = {2017-09-10 02:00:50 +0000},
	Pages = {85--90},
	Title = {Free riding in BitTorrent is cheap},
	Year = {2006},
	Bdsk-File-1 = {YnBsaXN0MDDUAQIDBAUGJCVYJHZlcnNpb25YJG9iamVjdHNZJGFyY2hpdmVyVCR0b3ASAAGGoKgHCBMUFRYaIVUkbnVsbNMJCgsMDxJXTlMua2V5c1pOUy5vYmplY3RzViRjbGFzc6INDoACgAOiEBGABIAFgAdccmVsYXRpdmVQYXRoWWFsaWFzRGF0YV8QXC4uL0Rvd25sb2Fkcy9zaWRlLWNoYW5uZWwtbGVha3MtaW4td2ViLWFwcGxpY2F0aW9ucy1hLXJlYWxpdHktdG9kYXktYS1jaGFsbGVuZ2UtdG9tb3Jyb3cuYmli0hcLGBlXTlMuZGF0YU8RAjAAAAAAAjAAAgAAAkhEAAAAAAAAAAAAAAAAAAAAAAAAAAAAAAAAANWhLdBIKwAAAAbHSh9zaWRlLWNoYW5uZWwtbGVha3MtaSMxMjY2QTIuYmliAAAAAAAAAAAAAAAAAAAAAAAAAAAAAAAAAAAAAAAAAAAAEmai1c/XBwAAAAAAAAAAAAEAAgAACSAAAAAAAAAAAAAAAAAAAAAJRG93bmxvYWRzAAAQAAgAANWhkEAAAAARAAgAANXQOXcAAAABAAwABsdKAAbHRwAGaTAAAgA6SEQ6VXNlcnM6AHVzZXI6AERvd25sb2FkczoAc2lkZS1jaGFubmVsLWxlYWtzLWkjMTI2NkEyLmJpYgAOAKAATwBzAGkAZABlAC0AYwBoAGEAbgBuAGUAbAAtAGwAZQBhAGsAcwAtAGkAbgAtAHcAZQBiAC0AYQBwAHAAbABpAGMAYQB0AGkAbwBuAHMALQBhAC0AcgBlAGEAbABpAHQAeQAtAHQAbwBkAGEAeQAtAGEALQBjAGgAYQBsAGwAZQBuAGcAZQAtAHQAbwBtAG8AcgByAG8AdwAuAGIAaQBiAA8ABgACAEgARAASAGRVc2Vycy91c2VyL0Rvd25sb2Fkcy9zaWRlLWNoYW5uZWwtbGVha3MtaW4td2ViLWFwcGxpY2F0aW9ucy1hLXJlYWxpdHktdG9kYXktYS1jaGFsbGVuZ2UtdG9tb3Jyb3cuYmliABMAAS8AABUAAgAL//8AAIAG0hscHR5aJGNsYXNzbmFtZVgkY2xhc3Nlc11OU011dGFibGVEYXRhox0fIFZOU0RhdGFYTlNPYmplY3TSGxwiI1xOU0RpY3Rpb25hcnmiIiBfEA9OU0tleWVkQXJjaGl2ZXLRJidUcm9vdIABAAgAEQAaACMALQAyADcAQABGAE0AVQBgAGcAagBsAG4AcQBzAHUAdwCEAI4A7QDyAPoDLgMwAzUDQANJA1cDWwNiA2sDcAN9A4ADkgOVA5oAAAAAAAACAQAAAAAAAAAoAAAAAAAAAAAAAAAAAAADnA==}}

@inproceedings{bittorrentSybilAttacks,
	Author = {Wang, Liang and Kangasharju, Jussi},
	Booktitle = {Global Communications Conference (GLOBECOM), 2012 IEEE},
	Date-Added = {2017-09-02 09:59:32 +0000},
	Date-Modified = {2017-09-10 02:00:01 +0000},
	Organization = {IEEE},
	Pages = {826--832},
	Title = {Real-world sybil attacks in BitTorrent mainline DHT},
	Year = {2012}}

@inproceedings{kocher1996timing,
	Author = {Kocher, Paul C},
	Booktitle = {Annual International Cryptology Conference},
	Date-Added = {2017-09-02 09:47:59 +0000},
	Date-Modified = {2017-09-02 09:47:59 +0000},
	Organization = {Springer},
	Pages = {104--113},
	Title = {Timing attacks on implementations of Diffie-Hellman, RSA, DSS, and other systems},
	Year = {1996},
	Bdsk-File-1 = {YnBsaXN0MDDUAQIDBAUGJCVYJHZlcnNpb25YJG9iamVjdHNZJGFyY2hpdmVyVCR0b3ASAAGGoKgHCBMUFRYaIVUkbnVsbNMJCgsMDxJXTlMua2V5c1pOUy5vYmplY3RzViRjbGFzc6INDoACgAOiEBGABIAFgAdccmVsYXRpdmVQYXRoWWFsaWFzRGF0YV8QXC4uL0Rvd25sb2Fkcy9zaWRlLWNoYW5uZWwtbGVha3MtaW4td2ViLWFwcGxpY2F0aW9ucy1hLXJlYWxpdHktdG9kYXktYS1jaGFsbGVuZ2UtdG9tb3Jyb3cuYmli0hcLGBlXTlMuZGF0YU8RAjAAAAAAAjAAAgAAAkhEAAAAAAAAAAAAAAAAAAAAAAAAAAAAAAAAANWhLdBIKwAAAAbHSh9zaWRlLWNoYW5uZWwtbGVha3MtaSMxMjY2QTIuYmliAAAAAAAAAAAAAAAAAAAAAAAAAAAAAAAAAAAAAAAAAAAAEmai1c/XBwAAAAAAAAAAAAEAAgAACSAAAAAAAAAAAAAAAAAAAAAJRG93bmxvYWRzAAAQAAgAANWhkEAAAAARAAgAANXQOXcAAAABAAwABsdKAAbHRwAGaTAAAgA6SEQ6VXNlcnM6AHVzZXI6AERvd25sb2FkczoAc2lkZS1jaGFubmVsLWxlYWtzLWkjMTI2NkEyLmJpYgAOAKAATwBzAGkAZABlAC0AYwBoAGEAbgBuAGUAbAAtAGwAZQBhAGsAcwAtAGkAbgAtAHcAZQBiAC0AYQBwAHAAbABpAGMAYQB0AGkAbwBuAHMALQBhAC0AcgBlAGEAbABpAHQAeQAtAHQAbwBkAGEAeQAtAGEALQBjAGgAYQBsAGwAZQBuAGcAZQAtAHQAbwBtAG8AcgByAG8AdwAuAGIAaQBiAA8ABgACAEgARAASAGRVc2Vycy91c2VyL0Rvd25sb2Fkcy9zaWRlLWNoYW5uZWwtbGVha3MtaW4td2ViLWFwcGxpY2F0aW9ucy1hLXJlYWxpdHktdG9kYXktYS1jaGFsbGVuZ2UtdG9tb3Jyb3cuYmliABMAAS8AABUAAgAL//8AAIAG0hscHR5aJGNsYXNzbmFtZVgkY2xhc3Nlc11OU011dGFibGVEYXRhox0fIFZOU0RhdGFYTlNPYmplY3TSGxwiI1xOU0RpY3Rpb25hcnmiIiBfEA9OU0tleWVkQXJjaGl2ZXLRJidUcm9vdIABAAgAEQAaACMALQAyADcAQABGAE0AVQBgAGcAagBsAG4AcQBzAHUAdwCEAI4A7QDyAPoDLgMwAzUDQANJA1cDWwNiA2sDcAN9A4ADkgOVA5oAAAAAAAACAQAAAAAAAAAoAAAAAAAAAAAAAAAAAAADnA==}}

@article{opensslTimingAttack,
	Author = {Brumley, David and Boneh, Dan},
	Date-Added = {2017-09-02 09:47:20 +0000},
	Date-Modified = {2017-09-10 01:59:51 +0000},
	Journal = {Computer Networks},
	Number = {5},
	Pages = {701--716},
	Publisher = {Elsevier},
	Title = {Remote timing attacks are practical},
	Volume = {48},
	Year = {2005}}

@inproceedings{Skademlia,
	Author = {Baumgart, Ingmar and Mies, Sebastian},
	Booktitle = {Parallel and Distributed Systems, 2007 International Conference on},
	Date-Added = {2017-09-02 09:46:56 +0000},
	Date-Modified = {2017-09-10 01:56:59 +0000},
	Organization = {IEEE},
	Pages = {1--8},
	Title = {S/kademlia: A practicable approach towards secure key-based routing},
	Year = {2007}}

@inproceedings{kademlia,
	Author = {Maymounkov, Petar and Mazieres, David},
	Booktitle = {International Workshop on Peer-to-Peer Systems},
	Date-Added = {2017-09-02 09:46:35 +0000},
	Date-Modified = {2017-09-10 02:00:38 +0000},
	Organization = {Springer},
	Pages = {53--65},
	Title = {Kademlia: A peer-to-peer information system based on the xor metric},
	Year = {2002}}

@webpage{gmaps-ssl,
	Abstract = {This paper describes a high-level approach to identifying which geographical
coordinates a user sees on Google Maps when utilizing an SSL-encrypted channel. },
	Author = {IOActive},
	Date-Added = {2017-09-02 05:09:37 +0000},
	Date-Modified = {2017-09-02 05:12:25 +0000},
	Keywords = {SSL},
	Title = {Traffic Analysis on Google Maps with GMaps-Trafficker},
	Url = {https://ioactive.com/pdfs/SSLTrafficAnalysisOnGoogleMaps.pdf}}

@webpage{sslstrip,
	Author = {Moxie Marlinspike},
	Date-Added = {2017-09-02 04:59:51 +0000},
	Date-Modified = {2017-09-02 05:03:02 +0000},
	Keywords = {SSL mitm},
	Lastchecked = {9/1/2017},
	Title = {SSLStrip},
	Url = {https://moxie.org/software/sslstrip/}}
