@online{1,
    author    = "",
    title     = "",
    url       = "https://www.theguardian.com/us-news/the-nsa-files",
    keywords  = ""
}

@online{2,
    author    = "",
    title     = "",
    url       = "https://whispersystems.org/",
    keywords  = ""
}

@online{3,
    author    = "",
    title     = "",
    url       = "https://www.theregister.co.uk/2017/03/28/congress_approves_sale_of_internet_histories/",
    keywords  = ""
}

@online{4,
    author    = "",
    title     = "",
    url       = "https://en.greatfire.org/ ",
    keywords  = ""
}

@online{5,
    author    = "",
    title     = "",
    url       = "https://en.wikipedia.org/wiki/Internet_censorship_and_surveillance_by_country",
    keywords  = ""
}

@online{6,
    author    = "",
    title     = "",
    url       = "https://en.wikipedia.org/wiki/GlobalWebIndex",
    keywords  = ""
}

@online{7,
    author    = "",
    title     = "",
    url       = "https://en.wikipedia.org/wiki/Internet_censorship",
    keywords  = ""
}

@online{8,
    author    = "",
    title     = "",
    url       = "https://svn.torproject.org/svn/projects/design-paper/tor-design.pdf",
    keywords  = ""
}

@online{9,
    author    = "",
    title     = "",
    url       = "https://en.wikipedia.org/wiki/I2P",
    keywords  = ""
}

@online{10,
    author    = "",
    title     = "",
    url       = "https://en.wikipedia.org/wiki/Virtual_private_network",
    keywords  = ""
}

@online{11,
    author    = "",
    title     = "",
    url       = "http://gavwood.com/paper.pdf",
    keywords  = ""
}

@online{12,
    author    = "",
    title     = "",
    url       = "http://zerocash-project.org/paper",
    keywords  = ""
}

@online{13,
    author    = "",
    title     = "",
    url       = "https://www.wired.com/2017/03/vpns-wont-save-congress-internet-privacy-giveaway/",
    keywords  = ""
}

@online{14,
    author    = "",
    title     = "",
    url       = "https://www.wired.com/2017/03/want-use-vpn-protect-privacy-start/",
    keywords  = ""
}

@online{15,
    author    = "",
    title     = "",
    url       = "VPN Market 2017 - Analysis/Opportunties/Forecast to 2022 - http://www.snjtoday.com",
    keywords  = ""
}

@online{16,
    author    = "",
    title     = "",
    url       = "http://www.businesswire.com/news/home/20170310005639/en/Global-2.41-Billion-Mobile-VPN-Market-2017",
    keywords  = ""
}

@online{17,
    author    = "",
    title     = "",
    url       = "https://metrics.torproject.org/networksize.html",
    keywords  = ""
}

@online{18,
    author    = "",
    title     = "",
    url       = "https://en.wikipedia.org/wiki/Silk_Road_(marketplace)",
    keywords  = ""
}

@online{19,
    author    = "",
    title     = "",
    url       = "https://www.theguardian.com/technology/2013/nov/10/silk-road-internet-market-illegal-drugs-ross-ulbricht",
    keywords  = ""
}

@online{20,
    author    = "",
    title     = "",
    url       = "http://cs.gmu.edu/~astavrou/research/Par_PET_2008.pdf",
    keywords  = ""
}

@online{21,
    author    = "",
    title     = "",
    url       = "https://www.freehaven.net/anonbib/papers/incentives-fc10.pdf",
    keywords  = ""
}

@online{22,
    author    = "",
    title     = "",
    url       = "http://www.robgjansen.com/publications/braids-ccs2010.pdf",
    keywords  = ""
}

@online{23,
    author    = "",
    title     = "",
    url       = "http://www.robgjansen.com/publications/lira-ndss2013.pdf",
    keywords  = ""
}

@online{24,
    author    = "",
    title     = "",
    url       = "http://www.robgjansen.com/publications/tears-hotpets2014.pdf",
    keywords  = ""
}

@online{25,
    author    = "",
    title     = "",
    url       = "https://blog.torproject.org/blog/tor-incentives-research-roundup-goldstar-par-braids-lira-tears-and-torcoin",
    keywords  = ""
}

@online{26,
    author    = "",
    title     = "",
    url       = "https://en.wikipedia.org/wiki/Garlic_routing",
    keywords  = ""
}

@online{27,
    author    = "",
    title     = "",
    url       = "https://pdos.csail.mit.edu/~petar/papers/maymounkov-kademlia-lncs.pdf",
    keywords  = ""
}

@online{28,
    author    = "",
    title     = "",
    url       = "https://wwwcip.informatik.uni-erlangen.de/~spjsschl/i2p.pdf",
    keywords  = ""
}

@online{29,
    author    = "",
    title     = "",
    url       = "https://medium.com/@angelomilan/ethereum-explained-to-my-mom-infographic-673e32054c1c",
    keywords  = ""
}

@online{30,
    author    = "",
    title     = "",
    url       = "https://en.wikipedia.org/wiki/Bitcoin",
    keywords  = ""
}

@online{31,
    author    = "",
    title     = "",
    url       = "https://en.wikipedia.org/wiki/Ethereum",
    keywords  = ""
}

@online{32,
    author    = "",
    title     = "",
    url       = "https://augur.net/",
    keywords  = ""
}

@online{33,
    author    = "",
    title     = "",
    url       = "https://gnosis.pm/",
    keywords  = ""
}

@online{34,
    author    = "",
    title     = "",
    url       = "https://en.wikipedia.org/wiki/Dash_(cryptocurrency)#Masternodes",
    keywords  = ""
}

@online{35,
    author    = "",
    title     = "",
    url       = "https://www.dgx.io/",
    keywords  = ""
}

@online{36,
    author    = "",
    title     = "",
    url       = "https://dfinity.network/",
    keywords  = ""
}

@online{37,
    author    = "",
    title     = "",
    url       = "https://aragon.one/",
    keywords  = ""
}

@online{38,
    author    = "",
    title     = "",
    url       = "https://github.com/ethereum/eips/issues/20",
    keywords  = ""
}

@online{39,
    author    = "",
    title     = "",
    url       = "https://media.consensys.net/technical-introduction-to-events-and-logs-in-ethereum-a074d65dd61e",
    keywords  = ""
}

@online{40,
    author    = "",
    title     = "",
    url       = "https://github.com/ethereum/wiki/wiki/JavaScript-API#contract-events",
    keywords  = ""
}

@online{41,
    author    = "",
    title     = "",
    url       = "https://github.com/ethereum/EIPs/issues/223",
    keywords  = ""
}

@online{42,
    author    = "",
    title     = "",
    url       = "https://en.wikipedia.org/wiki/Napster",
    keywords  = ""
}

@online{43,
    author    = "",
    title     = "",
    url       = "https://en.wikipedia.org/wiki/Gnutella",
    keywords  = ""
}

@online{44,
    author    = "",
    title     = "",
    url       = "https://en.wikipedia.org/wiki/Proof-of-work_system",
    keywords  = ""
}

@online{45,
    author    = "",
    title     = "",
    url       = "https://github.com/ethereum/devp2p/blob/master/rlpx.md",
    keywords  = ""
}

@online{46,
    author    = "",
    title     = "",
    url       = "https://en.wikipedia.org/wiki/Kademlia",
    keywords  = ""
}

@online{47,
    author    = "",
    title     = "",
    url       = "https://www.cs.princeton.edu/~mfreed/docs/freehaven-pet00.pdf",
    keywords  = ""
}

@online{48,
    author    = "",
    title     = "",
    url       = "https://cr.yp.to/chacha.html",
    keywords  = ""
}

@online{49,
    author    = "",
    title     = "",
    url       = "http://burtleburtle.net/bob/rand/isaacafa.html",
    keywords  = ""
}

@online{50,
    author    = "",
    title     = "",
    url       = "https://github.com/ethereum/wiki/wiki/Light-client-protocol",
    keywords  = ""
}

@online{51,
    author    = "",
    title     = "",
    url       = "http://gavwood.com/paper.pdf",
    keywords  = ""
}

@online{52,
    author    = "",
    title     = "",
    url       = "https://blog.ethereum.org/2015/12/24/understanding-serenity-part-i-abstraction/",
    keywords  = ""
}

@online{53,
    author    = "",
    title     = "",
    url       = "https://info.shapeshift.io/api",
    keywords  = ""
}

@online{54,
    author    = "",
    title     = "",
    url       = "https://www.microsoft.com/en-us/research/publication/byzantine-generals-problem/?from=http\%3A\%2F\%2Fresearch.microsoft.com\%2Fen-us\%2Fum\%2Fpeople\%2Flamport\%2Fpubs\%2Fbyz.pdf",
    keywords  = ""
}

@online{55,
    author    = "",
    title     = "",
    url       = "https://medium.com/@VitalikButerin/zk-snarks-under-the-hood-b33151a013f6",
    keywords  = ""
}

@online{56,
    author    = "",
    title     = "",
    url       = "https://en.wikipedia.org/wiki/Non-interactive_zero-knowledge_proof",
    keywords  = ""
}

@online{57,
    author    = "",
    title     = "",
    url       = "https://en.wikipedia.org/wiki/Homomorphic_encryption#Fully_homomorphic_encryption",
    keywords  = ""
}

@online{58,
    author    = "",
    title     = "",
    url       = "https://en.wikipedia.org/wiki/Homomorphic_encryption#Implementations",
    keywords  = ""
}

@online{59,
    author    = "",
    title     = "",
    url       = "http://eprint.iacr.org/2014/873",
    keywords  = ""
}

@online{60,
    author    = "",
    title     = "",
    url       = "https://github.com/bitcoin/bips/blob/master/bip-0016.mediawiki",
    keywords  = ""
}

@online{61,
    author    = "",
    title     = "",
    url       = "http://gavwood.com/paper.pdf",
    keywords  = ""
}

@online{62,
    author    = "",
    title     = "",
    url       = "https://bitcoin.org/en/developer-guide#locktime-and-sequence-number",
    keywords  = ""
}

@online{63,
    author    = "",
    title     = "",
    url       = "http://gavwood.com/paper.pdf",
    keywords  = ""
}

@online{64,
    author    = "",
    title     = "",
    url       = "https://solidity.readthedocs.io/en/develop/miscellaneous.html#cheatsheet",
    keywords  = ""
}

@online{65,
    author    = "",
    title     = "",
    url       = "https://github.com/randao/randao",
    keywords  = ""
}

@online{66,
    author    = "",
    title     = "",
    url       = "https://en.wikipedia.org/wiki/Man-in-the-middle_attack",
    keywords  = ""
}

@online{67,
    author    = "",
    title     = "",
    url       = "https://en.wikipedia.org/wiki/Ring_signature",
    keywords  = ""
}

@online{68,
    author    = "",
    title     = "",
    url       = "https://getmonero.org/home",
    keywords  = ""
}

@online{69,
    author    = "",
    title     = "",
    url       = "https://lab.getmonero.org/pubs/MRL-0005.pdf",
    keywords  = ""
}

@online{70,
    author    = "",
    title     = "",
    url       = "https://elementsproject.org/elements/confidential-transactions/",
    keywords  = ""
}

@online{71,
    author    = "",
    title     = "",
    url       = "https://github.com/ethereum/EIPs/issues/86",
    keywords  = ""
}

@online{72,
    author    = "",
    title     = "",
    url       = "https://blog.ethereum.org/2016/03/05/serenity-poc2/",
    keywords  = ""
}

@online{73,
    author    = "",
    title     = "",
    url       = "https://en.wikipedia.org/wiki/Non-interactive_zero-knowledge_proof",
    keywords  = ""
}

@online{74,
    author    = "",
    title     = "",
    url       = "https://z.cash/",
    keywords  = ""
}

@online{75,
    author    = "",
    title     = "",
    url       = "https://z.cash/technology/zksnarks.html",
    keywords  = ""
}

@online{76,
    author    = "",
    title     = "",
    url       = "http://www.jeffcoleman.ca/state-channels/",
    keywords  = ""
}

@online{77,
    author    = "",
    title     = "",
    url       = "https://lightning.network/",
    keywords  = ""
}

@online{78,
    author    = "",
    title     = "",
    url       = "https://en.bitcoin.it/wiki/Payment_channels",
    keywords  = ""
}

@online{79,
    author    = "",
    title     = "",
    url       = " http://gavwood.com/paper.pdf",
    keywords  = ""
}

@online{80,
    author    = "",
    title     = "",
    url       = "https://bitcoin.org/en/glossary/hd-protocol",
    keywords  = ""
}

@online{81,
    author    = "",
    title     = "",
    url       = "https://www.youtube.com/watch?v=HJ9K_o-RRSY",
    keywords  = ""
}

@online{82,
    author    = "",
    title     = "",
    url       = "https://en.wikipedia.org/wiki/Rust_(programming_language)",
    keywords  = ""
}

@online{83,
    author    = "",
    title     = "",
    url       = "https://en.wikipedia.org/wiki/Affero_General_Public_License",
    keywords  = ""
}

@online{84,
    author    = "",
    title     = "",
    url       = "https://en.wikipedia.org/wiki/The_Cathedral_and_the_Bazaar",
    keywords  = ""
}

@online{85,
    author    = "",
    title     = "",
    url       = "https://bounty.ethereum.org/",
    keywords  = ""
}


