@book{metamagic,
 author = {Hofstadter, Douglas R.},
 title = {Metamagical Themas: Questing for the Essence of Mind and Pattern},
 year = {1985},
 isbn = {0465045405},
 publisher = {Basic Books, Inc.},
 address = {New York, NY, USA},
}

@article{chaum-mix,
  title={Untraceable electronic mail, return addresses, and digital pseudonyms},
  author={Chaum, David L},
  journal={Communications of the ACM},
  volume={24},
  number={2},
  pages={84--90},
  year={1981},
  publisher={ACM}
}

@misc{ethereum,
  author = {Vitalik Buterin},
  title = {Ethereum: A next-generation smart contract and decentralized application platform},
  year = {2014},
  howpublished = {\url{https://github.com/ethereum/wiki/wiki/White-Paper}},
  note = {Accessed: 2016-08-22},
  url = {https://github.com/ethereum/wiki/wiki/White-Paper},
}

@techreport{TOR,
  title={Tor: The second-generation onion router},
  author={Dingledine, Roger and Mathewson, Nick and Syverson, Paul},
  year={2004},
  institution={Naval Research Lab Washington DC}
}

@webpage{ssl-downgrade,
	Url = {https://p16.praetorian.com/blog/man-in-the-middle-tls-ssl-protocol-downgrade-attack}}

@inproceedings{peekaboo,
  title={Peek-a-boo, i still see you: Why efficient traffic analysis countermeasures fail},
  author={Dyer, Kevin P and Coull, Scott E and Ristenpart, Thomas and Shrimpton, Thomas},
  booktitle={Security and Privacy (SP), 2012 IEEE Symposium on},
  pages={332--346},
  year={2012},
  organization={IEEE}
}

@inproceedings{incentives-for-tor,
  title = {{Building Incentives into Tor}},
  author = {Tsuen-Wan ``Johnny'' Ngan and Roger Dingledine and Dan S. Wallach},
  booktitle = {Proceedings of Financial Cryptography (FC '10)},
  year = {2010},
  month = {January},
  editor = {Radu Sion},
  www_tags = {selected},
  www_pdf_url = {http://freehaven.net/anonbib/papers/incentives-fc10.pdf},
  www_section = {Anonymous communication,Tor Performance},
}

@article{Equihash,
  title={Equihash: Asymmetric proof-of-work based on the generalized birthday problem},
  author={Biryukov, Alex and Khovratovich, Dmitry},
  journal={Ledger},
  volume={2},
  year={2017}
}

@article{CHORD,
  title={Chord: A scalable peer-to-peer lookup service for internet applications},
  author={Stoica, Ion and Morris, Robert and Karger, David and Kaashoek, M Frans and Balakrishnan, Hari},
  journal={ACM SIGCOMM Computer Communication Review},
  volume={31},
  number={4},
  pages={149--160},
  year={2001},
  publisher={ACM}
}

@article{ReDS,
  title={ReDS: A framework for reputation-enhanced DHTs},
  author={Akavipat, Ruj and Al-Ameen, Mahdi N and Kapadia, Apu and Rahman, Zahid and Schlegel, Roman and Wright, Matthew},
  journal={IEEE Transactions on Parallel and Distributed Systems},
  volume={25},
  number={2},
  pages={321--331},
  year={2014},
  publisher={IEEE}
}

@article{rottondi2016detection,
  title={Detection and mitigation of the eclipse attack in chord overlays},
  author={Rottondi, Cristina and Panzeri, Alessandro and Yagne, Constantin Tchetnkou and Verticale, Giacomo},
  journal={International Journal of Computational Science and Engineering},
  volume={13},
  number={2},
  pages={111--121},
  year={2016},
  publisher={Inderscience Publishers (IEL)}
}

@webpage{oursoftware,
	Url = {http://www.meshlabs.org}}

@article{webrtc,
  title={Webrtc 1.0: Real-time communication between browsers},
  author={Bergkvist, Adam and Burnett, Daniel C and Jennings, Cullen and Narayanan, Anant},
  journal={Working draft, W3C},
  volume={91},
  year={2012}
}

@article{nacl,
  title={The security impact of a new cryptographic library},
  author={Bernstein, Daniel and Lange, Tanja and Schwabe, Peter},
  journal={Progress in Cryptology--LATINCRYPT 2012},
  pages={159--176},
  year={2012},
  publisher={Springer}
}

@inproceedings{DAM,
  title={Decentralized Anonymous Micropayments},
  author={Chiesa, Alessandro and Green, Matthew and Liu, Jingcheng and Miao, Peihan and Miers, Ian and Mishra, Pratyush},
  booktitle={Annual International Conference on the Theory and Applications of Cryptographic Techniques},
  pages={609--642},
  year={2017},
  organization={Springer}
}

@inproceedings{txnbets,
  title={Transactions using bets},
  author={Wheeler, David},
  booktitle={International Workshop on Security Protocols},
  pages={89--92},
  year={1996},
  organization={Springer}
}

@webpage{mojonation,
	Url = {http://mojonation.net}}

@inproceedings{HALO,
	Author = {Kapadia, Apu and Triandopoulos, Nikos},
	Booktitle = {NDSS},
	Pages = {142},
	Title = {Halo: High-Assurance Locate for Distributed Hash Tables.},
	Volume = {8},
	Year = {2008}}

@article{wallezprotection,
	Author = {Wallez, Corentin and Dupont, Pierre-Alain},
	Date-Added = {2017-09-09 13:58:13 +0000},
	Date-Modified = {2017-09-09 13:58:13 +0000},
	Title = {Protection against Sybil attacks using proof of work and randomized identifiers}}

@inproceedings{I2P-vigna,
	Author = {Egger, Christoph and Schlumberger, Johannes and Kruegel, Christopher and Vigna, Giovanni},
	Booktitle = {International Workshop on Recent Advances in Intrusion Detection},
	Date-Added = {2017-09-02 22:33:05 +0000},
	Date-Modified = {2017-09-10 01:59:21 +0000},
	Organization = {Springer},
	Pages = {432--451},
	Title = {Practical attacks against the I2P network},
	Year = {2013}}

@inproceedings{DOSvsSec,
	Author = {Borisov, Nikita and Danezis, George and Mittal, Prateek and Tabriz, Parisa},
	Booktitle = {Proceedings of the 14th ACM conference on Computer and communications security},
	Date-Added = {2017-09-02 22:18:18 +0000},
	Date-Modified = {2017-09-10 01:57:38 +0000},
	Organization = {ACM},
	Pages = {92--102},
	Title = {Denial of service or denial of security?},
	Year = {2007}}

@inproceedings{mixTrafficAnalysis,
	Author = {George Danezis},
	Booktitle = {Proceedings of Privacy Enhancing Technologies workshop (PET 2004)},
	Date-Added = {2017-09-02 21:58:45 +0000},
	Date-Modified = {2017-09-10 02:00:32 +0000},
	Month = {May},
	Pages = {35--50},
	Series = {LNCS},
	Title = {The Traffic Analysis of Continuous-Time Mixes},
	Volume = {3424},
	Www_Important = {1},
	Www_Pdf_Url = {http://www.cl.cam.ac.uk/users/gd216/cmm2.pdf},
	Www_Section = {Traffic analysis},
	Www_Tags = {selected},
	Year = {2004}}

@inproceedings{bitcoinEclipse,
	Author = {Eyal, Ittay and Sirer, Emin G{\"u}n},
	Booktitle = {International conference on financial cryptography and data security},
	Date-Added = {2017-09-02 21:53:30 +0000},
	Date-Modified = {2017-09-10 01:59:36 +0000},
	Organization = {Springer},
	Pages = {436--454},
	Title = {Majority is not enough: Bitcoin mining is vulnerable},
	Year = {2014}}

@inproceedings{broadInferenceAttacks,
	Author = {Chen, Shuo and Wang, Rui and Wang, XiaoFeng and Zhang, Kehuan},
	Booktitle = {Security and Privacy (SP), 2010 IEEE Symposium on},
	Date-Added = {2017-09-02 10:38:06 +0000},
	Date-Modified = {2017-09-10 02:00:17 +0000},
	Organization = {IEEE},
	Pages = {191--206},
	Title = {Side-channel leaks in web applications: A reality today, a challenge tomorrow},
	Year = {2010}}

@inproceedings{freeridingBittorrent,
	Author = {Locher, Thomas and Moor, Patrick and Schmid, Stefan and Wattenhofer, Roger},
	Booktitle = {Proc. Workshop on Hot Topics in Networks (HotNets)},
	Date-Added = {2017-09-02 10:00:02 +0000},
	Date-Modified = {2017-09-10 02:00:50 +0000},
	Pages = {85--90},
	Title = {Free riding in BitTorrent is cheap},
	Year = {2006}}

@inproceedings{bittorrentSybilAttacks,
	Author = {Wang, Liang and Kangasharju, Jussi},
	Booktitle = {Global Communications Conference (GLOBECOM), 2012 IEEE},
	Date-Added = {2017-09-02 09:59:32 +0000},
	Date-Modified = {2017-09-10 02:00:01 +0000},
	Organization = {IEEE},
	Pages = {826--832},
	Title = {Real-world sybil attacks in BitTorrent mainline DHT},
	Year = {2012}}

@inproceedings{kocher1996timing,
	Author = {Kocher, Paul C},
	Booktitle = {Annual International Cryptology Conference},
	Date-Added = {2017-09-02 09:47:59 +0000},
	Date-Modified = {2017-09-02 09:47:59 +0000},
	Organization = {Springer},
	Pages = {104--113},
	Title = {Timing attacks on implementations of Diffie-Hellman, RSA, DSS, and other systems},
	Year = {1996}}

@article{opensslTimingAttack,
	Author = {Brumley, David and Boneh, Dan},
	Date-Added = {2017-09-02 09:47:20 +0000},
	Date-Modified = {2017-09-10 01:59:51 +0000},
	Journal = {Computer Networks},
	Number = {5},
	Pages = {701--716},
	Publisher = {Elsevier},
	Title = {Remote timing attacks are practical},
	Volume = {48},
	Year = {2005}}

@inproceedings{Skademlia,
	Author = {Baumgart, Ingmar and Mies, Sebastian},
	Booktitle = {Parallel and Distributed Systems, 2007 International Conference on},
	Date-Added = {2017-09-02 09:46:56 +0000},
	Date-Modified = {2017-09-10 01:56:59 +0000},
	Organization = {IEEE},
	Pages = {1--8},
	Title = {S/kademlia: A practicable approach towards secure key-based routing},
	Year = {2007}}

@inproceedings{kademlia,
	Author = {Maymounkov, Petar and Mazieres, David},
	Booktitle = {International Workshop on Peer-to-Peer Systems},
	Date-Added = {2017-09-02 09:46:35 +0000},
	Date-Modified = {2017-09-10 02:00:38 +0000},
	Organization = {Springer},
	Pages = {53--65},
	Title = {Kademlia: A peer-to-peer information system based on the xor metric},
	Year = {2002}}

@webpage{gmaps-ssl,
	Abstract = {This paper describes a high-level approach to identifying which geographical
coordinates a user sees on Google Maps when utilizing an SSL-encrypted channel. },
	Author = {IOActive},
	Date-Added = {2017-09-02 05:09:37 +0000},
	Date-Modified = {2017-09-02 05:12:25 +0000},
	Keywords = {SSL},
	Title = {Traffic Analysis on Google Maps with GMaps-Trafficker},
	Url = {https://ioactive.com/pdfs/SSLTrafficAnalysisOnGoogleMaps.pdf},
	Bdsk-Url-1 = {https://ioactive.com/pdfs/SSLTrafficAnalysisOnGoogleMaps.pdf}}

@webpage{sslstrip,
	Author = {Moxie Marlinspike},
	Date-Added = {2017-09-02 04:59:51 +0000},
	Date-Modified = {2017-09-02 05:03:02 +0000},
	Keywords = {SSL mitm},
	Lastchecked = {9/1/2017},
	Title = {SSLStrip},
	Url = {https://moxie.org/software/sslstrip/},
	Bdsk-Url-1 = {https://moxie.org/software/sslstrip/}}

